@article{Anscombe1973,
 ISSN       = {00031305},
 author     = {F. J. Anscombe},
 journal    = {The American Statistician},
 number     = {1},
 pages      = {17--21},
 publisher  = {[American Statistical Association, Taylor \& Francis, Ltd.]},
 title      = {Graphs in Statistical Analysis},
 volume     = {27},
 year       = {1973}
}

@article{Baayen2008,
  title     = {Mixed-effects modeling with crossed random effects for subjects and items},
  author    = {Baayen, R Harald and Davidson, Douglas J and Bates, Douglas M},
  journal   = {Journal of memory and language},
  volume    = {59},
  number    = {4},
  pages     = {390--412},
  year      = {2008},
  publisher = {Elsevier}
}

@misc{Bates2010lme4,
  title     = {lme4: Mixed-effects modeling with {R}},
  author    = {Bates, Douglas M},
  year      = {2010},
  publisher = {Springer New York}
}

@article{Bates2015,
  title     = {Fitting Linear Mixed-Effects Models Using lme4},
  volume    = {67},
  url       = {https://www.jstatsoft.org/index.php/jss/article/view/v067i01},
  doi       = {10.18637/jss.v067.i01},
  number    = {1},
  journal   = {Journal of Statistical Software},
  author    = {Bates, Douglas and MÃ¤chler, Martin and Bolker, Ben and Walker, Steve},
  year      = {2015},
  pages     = {1--48}
}

@article{Bauer2005,
  title     = {Probing interactions in fixed and multilevel regression: {I}nferential and graphical techniques},
  author    = {Bauer, Daniel J and Curran, Patrick J},
  journal   = {Multivariate behavioral research},
  volume    = {40},
  number    = {3},
  pages     = {373--400},
  year      = {2005},
  publisher = {Taylor \& Francis}
}

@book{Fox2008,
  author    = {Fox, J.},
  title     = {Applied regression analysis and generalized linear models},
  year      = {2008},
  address   = {Thousand Oaks},
  publisher = {Sage Publications}
}

@book{Fox2016,
  author    = {Fox, J.},
  title     = {Applied regression analysis and generalized linear models},
  year      = {2016},
  address   = {Thousand Oaks},
  publisher = {Sage Publications}
}

@book{GelmanHill2020,
  title     = {Regression and other stories},
  author    = {Gelman, Andrew and Hill, Jennifer and Vehtari, Aki},
  year      = {2020},
  publisher = {Cambridge University Press}
}

@article{Kleinhenz1999,
  title     = {Randomised clinical trial comparing the effects of acupuncture and a newly designed placebo needle in rotator cuff tendinitis},
  author    = {Kleinhenz, Julia and Streitberger, Konrad and Windeler, J{\"u}rgen and G{\"u}{\ss}bacher, Albert and Mavridis, Georg and Martin, Eike},
  journal   = {Pain},
  volume    = {83},
  number    = {2},
  pages     = {235--241},
  year      = {1999},
  publisher = {Elsevier}
}

@article{ReisbyGram77,
  author = {Reisby, N. and Gram, L. F. and Bech, P. and Nagy, A. and Petersen,
    G. O. and Ortmann, J. and Ibsen, I. and Dencker, S. J. and Jacobsen, O.
    and Krautwald, O. and Sondergaard, I. and Christiansen, J.},
  title = {Imipramine: Clinical effects and pharmacokinetic variability},
  journal = {Psychopharmacology},
  year = 1977,
  volume = 54,
  pages = {263--272}
}

@article{VickersAltman2001,
  title = {Analysing controlled trials with baseline and follow up measurements},
  author = {Vickers, Andrew J and Altman, Douglas G},
  journal = {BMJ},
  volume = {323},
  number = {7321},
  pages = {1123--1124},
  year = {2001},
  publisher = {British Medical Journal Publishing Group}
}

@article{Wickelmaier2022,
  author = {Wickelmaier, F.},
  title = {Simulating the power of statistical tests: A collection of {R} examples},
  journal = {ArXiv},
  year = 2022,
  url = {https://arxiv.org/abs/2110.09836} 
}

